


@inproceedings{raimbault2014hybrid,
	Author = {Raimbault, J. and Banos, A. and Doursat, R.},
	Booktitle = {Proceedings of the 4th International Conference on Complex Systems and Applications (ICCSA 2014), June 23-26, 2014, Universit{\'e} de Normandie, Le Havre, France; M. A. Aziz-Alaoui, C. Bertelle, X. Z. Liu, D. Olivier, eds.: pp. 51-60.},
	Title = {A hybrid network/grid model of urban morphogenesis and optimization},
	Year = {2014}}



@inproceedings{serra2016game,
  title={Game-based tools to transmit freshwater ecology concepts},
  author={Serra, H{\'e}l{\`e}ne and Raimbault, Juste},
  booktitle={SETAC 2016},
  year={2016}
}




@inproceedings{raimbault2016techno,
  title={Investigating Patterns of Technological Innovation},
  author={Raimbault, Juste and Bergeaud, Antonin and Potiron, Yoann},
  booktitle={Conference on Complex Systems 2016},
  year={2016}
}




@article{raimbault2016discrepancy,
  title={A Discrepancy-based Framework to Compare Robustness between Multi-Attribute Evaluations},
  author={Raimbault, Juste},
  journal={Forthcoming in Proceedings of CSDM 2016. arXiv preprint arXiv:1608.00840},
  year={2016}
}




@article{antelope2016interdisciplinary,
  title={An Interdisciplinary Approach to Morphogenesis},
  author={Antelope, Chenling and Hubatsch, Lars and Raimbault, Juste and Serna, Jesus Mario},
  journal={Forthcoming in Proceedings of Santa Fe Institute CSSS 2016.},
  year={2016}
}



@article{raimbault2016investigating,
  title={Investigating the Empirical Existence of Static User Equilibrium},
  author={Raimbault, Juste},
  journal={Forthcoming in Transportation Research Procedia, EWGT2016. arXiv preprint arXiv:1608.05266},
  year={2016}
}




@conference{raimbault2015labex,
	Author = {Raimbault, J. and Gonzalez, J.},
	Booktitle = {Rencontres du Labex Dynamites},
	Title = {Application de la Morphog{\'e}n{\`e}se de R{\'e}seaux Biologiques {\`a} la Conception Optimale d'Infrastructures de Transport},
	Year = {May 2015}}



@inproceedings{raimbault2015hybrid,
	Author = {Raimbault, Juste},
	Booktitle = {International Conference on Computational Social Science},
	Title = {Hybrid Modeling of a Bike-Sharing Transportation System},
	Year = {2015}}



@inproceedings{le2015modeling,
  title={Modeling the emergence of metropolitan transport autorithy in a polycentric urban region},
  author={Le N{\'e}chet, Florent and Raimbault, Juste},
  booktitle={Plurimondi. An International Forum for Research and Debate on Human Settlements},
  volume={7},
  number={15},
  year={2015}
}




@inproceedings{raimbault2016generation,
	Author = {Raimbault, J.},
	Booktitle = {Actes des Journees de Rochebrune 2016.},
	Title = {Generation of Correlated Synthetic Data},
	Year = {2016}}



@inproceedings{raimbault2016models,
  title={Models of growth for system of cities: Back to the simple},
  author={Raimbault, Juste},
  booktitle={Conference on Complex Systems 2016},
  year={2016}
}


@inproceedings{raimbault2016cautious,
  title={For a Cautious Use of Big Data and Computation},
  author={Raimbault, Juste},
  booktitle={Royal Geographical Society-Annual Conference 2016-Session: Geocomputation, the Next 20 Years (1)},
  year={2016}
}



@article{raimbault2015models,
	Author = {J. Raimbault},
	Journal = {Plurimondi. An International Forum for Research and Debate on Human Settlements},
	Number = {15},
	Title = {Models Coupling Urban Growth and Transportation Network Growth: An Algorithmic Systematic Review Approach},
	Volume = {7},
	Year = {2015}}

@phdthesis{raimbault2016memoire,
	Author = {Raimbault, Juste},
	School = {{Universit{\'e} Paris-Diderot - Paris VII}},
	Title = {Towards Models Coupling Urban Growth and Transportation Network Growth. First year preliminary memoire. DOI : http://dx.doi.org/10.5281/zenodo.60538},
	Year = {2016}}


@inproceedings{raimbault2016indirect,
  title={Indirect Bibliometrics by Complex Network Analysis},
  author={Raimbault, Juste},
  booktitle={20e Anniversaire de Cybergeo},
  year={2016}
}




@misc{cybergeo20,
  author       = {Pierre-Olivier Chasset and
                  Clementine Cottineau and
                  Hadrien Commenges and
                  Juste Raimbault
                  },
  title        = {cybergeo20 v1.0, DOI 10.5281/zenodo.53905},
  month        = may,
  year         = 2016,
  doi          = {10.5281/zenodo.53905},
  url          = {https://doi.org/10.5281/zenodo.53905}
}